@article{mikolov2013efficient,
  title={Efficient estimation of word representations in vector space},
  author={Mikolov, Tomas and Chen, Kai and Corrado, Greg and Dean, Jeffrey},
  journal={arXiv preprint arXiv:1301.3781},
  year={2013}
}

@inproceedings{le2014distributed,
  title={Distributed representations of sentences and documents},
  author={Le, Quoc and Mikolov, Tomas},
  booktitle={International conference on machine learning},
  pages={1188--1196},
  year={2014}
}

@inproceedings{kiros2015skip,
  title={Skip-thought vectors},
  author={Kiros, Ryan and Zhu, Yukun and Salakhutdinov, Ruslan R and Zemel, Richard and Urtasun, Raquel and Torralba, Antonio and Fidler, Sanja},
  booktitle={Advances in neural information processing systems},
  pages={3294--3302},
  year={2015}
}

@article{conneau2017supervised,
  title={Supervised learning of universal sentence representations from natural language inference data},
  author={Conneau, Alexis and Kiela, Douwe and Schwenk, Holger and Barrault, Loic and Bordes, Antoine},
  journal={arXiv preprint arXiv:1705.02364},
  year={2017}
}

@article{devlin2018bert,
  title={Bert: Pre-training of deep bidirectional transformers for language understanding},
  author={Devlin, Jacob and Chang, Ming-Wei and Lee, Kenton and Toutanova, Kristina},
  journal={arXiv preprint arXiv:1810.04805},
  year={2018}
}

@article{see2017get,
  title={Get to the point: Summarization with pointer-generator networks},
  author={See, Abigail and Liu, Peter J and Manning, Christopher D},
  journal={arXiv preprint arXiv:1704.04368},
  year={2017}
}

@inproceedings{lin2003automatic,
  title={Automatic evaluation of summaries using n-gram co-occurrence statistics},
  author={Lin, Chin-Yew and Hovy, Eduard},
  booktitle={Proceedings of the 2003 Human Language Technology Conference of the North American Chapter of the Association for Computational Linguistics},
  pages={150--157},
  year={2003}
}

@article{rush2015neural,
  title={A neural attention model for abstractive sentence summarization},
  author={Rush, Alexander M and Chopra, Sumit and Weston, Jason},
  journal={arXiv preprint arXiv:1509.00685},
  year={2015}
}

@article{nallapati2016abstractive,
  title={Abstractive text summarization using sequence-to-sequence rnns and beyond},
  author={Nallapati, Ramesh and Zhou, Bowen and Gulcehre, Caglar and Xiang, Bing and others},
  journal={arXiv preprint arXiv:1602.06023},
  year={2016}
}

@inproceedings{vinyals2015pointer,
  title={Pointer networks},
  author={Vinyals, Oriol and Fortunato, Meire and Jaitly, Navdeep},
  booktitle={Advances in Neural Information Processing Systems},
  pages={2692--2700},
  year={2015}
}

@inproceedings{peyrard2019simple,
  title={A simple theoretical model of importance for summarization},
  author={Peyrard, Maxime},
  booktitle={Proceedings of the 57th Annual Meeting of the Association for Computational Linguistics},
  pages={1059--1073},
  year={2019}
}