@inproceedings{boyan1994packet,
  title={Packet routing in dynamically changing networks: A reinforcement learning approach},
  author={Boyan, Justin A and Littman, Michael L},
  booktitle={Advances in neural information processing systems},
  pages={671--678},
  year={1994}
}

