@article{bose2007neural,
  title={Neural network applications in power electronics and motor drivesâ€”An introduction and perspective},
  author={Bose, Bimal K},
  journal={IEEE Transactions on Industrial Electronics},
  volume={54},
  number={1},
  pages={14--33},
  year={2007},
  publisher={IEEE}
}

@article{hunt1992neural,
  title={Neural networks for control systemsâ€”a survey},
  author={Hunt, Kenneth J and Sbarbaro, D and {\.Z}bikowski, R and Gawthrop, Peter J},
  journal={Automatica},
  volume={28},
  number={6},
  pages={1083--1112},
  year={1992},
  publisher={Elsevier}
}

@article{werbos1990backpropagation,
  title={Backpropagation through time: what it does and how to do it},
  author={Werbos, Paul J},
  journal={Proceedings of the IEEE},
  volume={78},
  number={10},
  pages={1550--1560},
  year={1990},
  publisher={IEEE}
}

@inproceedings{grant1989neural,
  title={A neural-net approach to supervised learning of pole balancing},
  author={Grant, Edward and Zhang, Bing},
  booktitle={Proceedings. IEEE International Symposium on Intelligent Control 1989},
  pages={123--129},
  year={1989},
  organization={IEEE}
}

@inproceedings{keerthi1986moving,
  title={Moving-horizon approximations for a general class of optimal nonlinear infinite-horizon discrete-time systems},
  author={Keerthi, SS},
  booktitle={Proc. 20th Annual Conf. on Information Sciences and Systems},
  volume={301},
  year={1986}
}

@inproceedings{mayne1988receding,
  title={Receding horizon control of nonlinear systems},
  author={Mayne, David Q and Michalska, Hannah},
  booktitle={Proceedings of the 27th IEEE Conference on Decision and Control},
  pages={464--465},
  year={1988},
  organization={IEEE}
}

@inproceedings{hunt1991neural,
  title={Neural networks for nonlinear internal model control},
  author={Hunt, KJ and Sbarbaro, D},
  booktitle={IEE Proceedings D (Control Theory and Applications)},
  volume={138},
  number={5},
  pages={431--438},
  year={1991},
  organization={IET}
}

@article{qu2011neural,
  title={Neural networks based on PID control for greenhouse temperature},
  author={Qu, Yi and Ning, Duo and Lai, Zhanchi and Cheng, Qi and Mu, Lining},
  journal={Transactions of the Chinese Society of Agricultural Engineering},
  volume={27},
  number={2},
  pages={307--311},
  year={2011},
  publisher={Editorial Office of Transactions of the Chinese Society of Agricultural~…}
}

@article{shu2000pid,
  title={PID neural networks for time-delay systems},
  author={Shu, Huailin and Pi, Youguo},
  journal={Computers \& Chemical Engineering},
  volume={24},
  number={2-7},
  pages={859--862},
  year={2000},
  publisher={Elsevier}
}

@article{chen2004applying,
  title={Applying neural networks to on-line updated PID controllers for nonlinear process control},
  author={Chen, Junghui and Huang, Tien-Chih},
  journal={Journal of process control},
  volume={14},
  number={2},
  pages={211--230},
  year={2004},
  publisher={Elsevier}
}

@article{wang2009neural,
  title={Neural-network-based terminal sliding-mode control of robotic manipulators including actuator dynamics},
  author={Wang, Liangyong and Chai, Tianyou and Zhai, Lianfei},
  journal={IEEE Transactions on Industrial Electronics},
  volume={56},
  number={9},
  pages={3296--3304},
  year={2009},
  publisher={IEEE}
}

@inproceedings{sanner1991gaussian,
  title={Gaussian networks for direct adaptive control},
  author={Sanner, Robert M and Slotine, Jean-Jacques E},
  booktitle={1991 American Control Conference},
  pages={2153--2159},
  year={1991},
  organization={IEEE}
}

@article{sutton1992reinforcement,
  title={Reinforcement learning is direct adaptive optimal control},
  author={Sutton, Richard S and Barto, Andrew G and Williams, Ronald J},
  journal={IEEE Control Systems Magazine},
  volume={12},
  number={2},
  pages={19--22},
  year={1992},
  publisher={IEEE}
}

@article{vamvoudakis2010online,
  title={Online actor--critic algorithm to solve the continuous-time infinite horizon optimal control problem},
  author={Vamvoudakis, Kyriakos G and Lewis, Frank L},
  journal={Automatica},
  volume={46},
  number={5},
  pages={878--888},
  year={2010},
  publisher={Elsevier}
}

@article{mnih2013playing,
  title={Playing atari with deep reinforcement learning},
  author={Mnih, Volodymyr and Kavukcuoglu, Koray and Silver, David and Graves, Alex and Antonoglou, Ioannis and Wierstra, Daan and Riedmiller, Martin},
  journal={arXiv preprint arXiv:1312.5602},
  year={2013}
}

@article{lee2000identification,
  title={Identification and control of dynamic systems using recurrent fuzzy neural networks},
  author={Lee, Ching-Hung and Teng, Ching-Cheng},
  journal={IEEE Transactions on fuzzy systems},
  volume={8},
  number={4},
  pages={349--366},
  year={2000},
  publisher={IEEE}
}

@article{chen1995model,
  title={A model reference control structure using a fuzzy neural network},
  author={Chen, Yie-Chien and Teng, Ching-Cheng},
  journal={Fuzzy sets and Systems},
  volume={73},
  number={3},
  pages={291--312},
  year={1995},
  publisher={Elsevier}
}

@article{lin1995new,
  title={A new approach to fuzzy-neural system modeling},
  author={Lin, Yinghua and Cunningham, George A},
  journal={IEEE Transactions on Fuzzy systems},
  volume={3},
  number={2},
  pages={190--198},
  year={1995},
  publisher={IEEE}
}