  @misc{binary,
    author = "{Wikipedia contributors}",
    title = "Binary-code compatibility --- {Wikipedia}{,} The Free Encyclopedia",
    year = "2019",
    howpublished = "\url{https://en.wikipedia.org/w/index.php?title=Binary-code_compatibility&oldid=916411881}",
    note = "[Online; accessed 18-June-2020]"
  }