@article{bose2007neural,
  title={Neural network applications in power electronics and motor drives—An introduction and perspective},
  author={Bose, Bimal K},
  journal={IEEE Transactions on Industrial Electronics},
  volume={54},
  number={1},
  pages={14--33},
  year={2007},
  publisher={IEEE}
}

@article{hunt1992neural,
  title={Neural networks for control systems—a survey},
  author={Hunt, Kenneth J and Sbarbaro, D and {\.Z}bikowski, R and Gawthrop, Peter J},
  journal={Automatica},
  volume={28},
  number={6},
  pages={1083--1112},
  year={1992},
  publisher={Elsevier}
}